@book{breznitz2012maximum,
  title={Maximum Brainpower: Challenging the Brain for Health and Wisdom},
  author={Breznitz, S. and Hemingway, C.},
  isbn={9780345526144},
  lccn={2012015553},
  url={https://books.google.co.in/books?id=9oB0kjnwNXIC},
  year={2012},
  publisher={Random House Publishing Group}
}
@book{frankl_man_search_for_meaning,
  title = {Man's Search for Meaning},
  author = {Frankl, Viktor E.},
  year = {1963},
  publisher = {Beacon Press},
  isbn = {978-0-8070-0120-5},
  edition = {4th edition},
  keywords = {existentialism, logotherapy, meaning in life, suffering},
}
@book{Morita+1998,
url = {https://doi.org/10.1515/9781438413594},
title = {Morita Therapy and the True Nature of Anxiety-Based Disorders (Shinkeishitsu)},
author = {Shoma Morita and Peg LeVine},
publisher = {SUNY Press},
address = {Seattle, WA},
doi = {doi:10.1515/9781438413594},
isbn = {9781438413594},
year = {1998},
lastchecked = {2025-04-11}
}
@book{9780060162535,
  Author = {Mihaly Csikszentmihalyi},
  Title = {Flow: The Psychology of Optimal Experience},
  Publisher = {Harper \& Row},
  Year = {1990},
  ISBN = {0060162538},
  URL = {https://www.amazon.com/Flow-Psychology-Experience-Mihaly-Csikszentmihalyi/dp/0060162538?SubscriptionId=AKIAIOBINVZYXZQZ2U3A&tag=chimbori05-20&linkCode=xm2&camp=2025&creative=165953&creativeASIN=0060162538}
}
@book{ito2019whiplash,
  title={Whiplash: How to Survive Our Faster Future},
  author={Ito, J. and Howe, J.},
  isbn={9781455544578},
  lccn={2016032313},
  url={https://books.google.co.in/books?id=B-OIswEACAAJ},
  year={2019},
  publisher={Grand Central Publishing}
}
@book{katsushika1988one,
  title={One Hundred Views of Mt. Fuji},
  author={Katsushika, H. and Smith, H.D.W.},
  isbn={9780807611951},
  lccn={87036827},
  url={https://books.google.co.in/books?id=hJPrAAAAMAAJ},
  year={1988},
  publisher={George Braziller}
}
@book{willcox2002okinawa,
  title={The Okinawa Program: How the World's Longest-Lived People Achieve Everlasting Health--And How You Can Too},
  author={Willcox, B.J. and Willcox, D.C. and Suzuki, M.},
  isbn={9780609807507},
  lccn={00049214},
  url={https://books.google.co.in/books?id=cNWyFzTI6PEC},
  year={2002},
  publisher={Harmony/Rodale}
}
