@book{breznitz2012maximum,
  title={Maximum Brainpower: Challenging the Brain for Health and Wisdom},
  author={Breznitz, S. and Hemingway, C.},
  isbn={9780345526144},
  lccn={2012015553},
  url={https://books.google.co.in/books?id=9oB0kjnwNXIC},
  year={2012},
  publisher={Random House Publishing Group}
}
